<?xml version="1.0" encoding="UTF-8"?><collection xmlns="http://www.loc.gov/MARC21/slim"><record><leader>00371nam--2200133-i-4500</leader><controlfield tag="001">000007686</controlfield><controlfield tag="002">20161230</controlfield><controlfield tag="005">20161230201027</controlfield><controlfield tag="008">060222s1000------------r-----000-0-eng-d</controlfield><datafield ind1=" " ind2=" " tag="245"><subfield code="a">Advances in programming and non-numerical computation</subfield></datafield><datafield ind1=" " ind2=" " tag="260"><subfield code="a">Oxford, Pergamon Press, 1966. Viii + 218 P</subfield></datafield><datafield ind1=" " ind2=" " tag="490"><subfield code="a">Symposium Publications Division</subfield></datafield><datafield ind1=" " ind2=" " tag="700"><subfield code="a">Fox, L</subfield></datafield><datafield ind1=" " ind2=" " tag="852"><subfield code="a">24290</subfield></datafield></record></collection>